@article{feldman2013techniques,
  title={Techniques and applications for sentiment analysis},
  author={Feldman, Ronen},
  journal={Communications of the ACM},
  volume={56},
  number={4},
  pages={82--89},
  year={2013},
  publisher={ACM New York, NY, USA}
}

@inproceedings{adamic2005political,
  title={The political blogosphere and the 2004 US election: divided they blog},
  author={Adamic, Lada A and Glance, Natalie},
  booktitle={Proceedings of the 3rd international workshop on Link discovery},
  pages={36--43},
  year={2005}
}

@article{ballarini2008presse,
  title={Presse locale, un m{\'e}dia de diversion},
  author={Ballarini, Lo{\"\i}c},
  journal={R{\'e}seaux},
  number={2},
  pages={405--426},
  year={2008},
  publisher={Lavoisier}
}

@misc{ahmad2014rocksteady,
  title={Methods and system for calculating affect scores in one or more documents},
  author={Ahmad, Khurshid and Zem{\'a}nkov{\'a}, Andrea},
  year={2014},
  month=sep # "~18",
  publisher={Google Patents},
  note={US Patent App. 14/214,080}
}

@inproceedings{ahmad2011new,
  title={What is new? News media, General Elections, Sentiment, and named entities},
  author={Ahmad, Khurshid and Daly, Nicholas and Liston, Vanessa},
  booktitle={Proceedings of the Workshop on Sentiment Analysis where AI meets Psychology (SAAIP 2011)},
  pages={80--88},
  year={2011}
}

@article{rao2012analyzing,
  title={Analyzing stock market movements using twitter sentiment analysis},
  author={Rao, Tushar and Srivastava, Saket and others},
  year={2012},
  publisher={IEEE Computer Society}
}

@article{li2014news,
  title={News impact on stock price return via sentiment analysis},
  author={Li, Xiaodong and Xie, Haoran and Chen, Li and Wang, Jianping and Deng, Xiaotie},
  journal={Knowledge-Based Systems},
  volume={69},
  pages={14--23},
  year={2014},
  publisher={Elsevier}
}

@inproceedings{mouthami2013sentiment,
  title={Sentiment analysis and classification based on textual reviews},
  author={Mouthami, K and Devi, K Nirmala and Bhaskaran, V Murali},
  booktitle={2013 international conference on Information communication and embedded systems (ICICES)},
  pages={271--276},
  year={2013},
  organization={IEEE}
}

@article{cambria2013new,
  title={New avenues in opinion mining and sentiment analysis},
  author={Cambria, Erik and Schuller, Bj{\"o}rn and Xia, Yunqing and Havasi, Catherine},
  journal={IEEE Intelligent systems},
  volume={28},
  number={2},
  pages={15--21},
  year={2013},
  publisher={IEEE}
}

@inproceedings{bhutani2019fake,
  title={Fake news detection using sentiment analysis},
  author={Bhutani, Bhavika and Rastogi, Neha and Sehgal, Priyanshu and Purwar, Archana},
  booktitle={2019 Twelfth International Conference on Contemporary Computing (IC3)},
  pages={1--5},
  year={2019},
  organization={IEEE}
}

@article{chandrasekaran2020topics,
  title={Topics, Trends, and Sentiments of Tweets About the COVID-19 Pandemic: Temporal Infoveillance Study},
  author={Chandrasekaran, Ranganathan and Mehta, Vikalp and Valkunde, Tejali and Moustakas, Evangelos},
  journal={Journal of medical Internet research},
  volume={22},
  number={10},
  pages={e22624},
  year={2020},
  publisher={JMIR Publications Inc., Toronto, Canada}
}

@article{wilson2009recognizing,
  title={Recognizing contextual polarity: An exploration of features for phrase-level sentiment analysis},
  author={Wilson, Theresa and Wiebe, Janyce and Hoffmann, Paul},
  journal={Computational linguistics},
  volume={35},
  number={3},
  pages={399--433},
  year={2009},
  publisher={MIT Press}
}

@incollection{ahmad2007being,
  title={Being in text and text in being: Notes on representative texts},
  author={Ahmad, Khurshid},
  booktitle={Incorporating Corpora},
  pages={60--94},
  year={2007},
  publisher={Multilingual Matters}
}

@article{porter1980algorithm,
  title={An algorithm for suffix stripping},
  author={Porter, Martin F},
  journal={Program},
  year={1980},
  publisher={MCB UP Ltd}
}

@techreport{brill1992simple,
  title={A simple rule-based part of speech tagger},
  author={Brill, Eric},
  year={1992},
  institution={PENNSYLVANIA UNIV PHILADELPHIA DEPT OF COMPUTER AND INFORMATION SCIENCE}
}

@inproceedings{schmid2013probabilistic,
  title={Probabilistic part-ofispeech tagging using decision trees},
  author={Schmid, Helmut},
  booktitle={New methods in language processing},
  pages={154},
  year={2013}
}

%%%%%%%%%%%%%%%%%%%%%%%%%%%%%%%%%%%%


@inproceedings{jordan2001array,
  title={Array Beam pattern Control for Measurement of Propeller Noise},
  author={Jordan, Peter and Fitzpatrick, John and Meskell, Craig},
  booktitle={AIAA/CEAS Aeroacoustics Conference and Exhibit, Maastricht, Netherlands},
  year={2001}
}

@techreport{reyes2007power,
  title={Power Uprate Program Status Report-Secy-07-0090},
  author={Reyes, L},
  year={2007},
  institution={Technical Report, US Nuclear Regulatory Commission}
}

@article{shustek2008interview,
  title={Interview Donald Knuth: A life's work interrupted},
  author={Shustek, Len and Interviewee-Knuth, Donald},
  journal={Communications of the ACM},
  volume={51},
  number={8},
  pages={31--35},
  year={2008},
  publisher={ACM}
}

@article{oetiker2001not,
  title={The not so short introduction to LATEX 2$\varepsilon$},
  author={Oetiker, Tobias and Partl, Hubert and Hyna, Irene and Schlegl, Elisabeth},
  year={2001},
  journal={Electronic Document},
  note={\url{http://www. tex. ac. uk/tex-archive/info/lshort}}
}
